@inproceedings{zernikeCircle,
  title={On the circle polynomials of Zernike and related orthogonal sets},
  author={Bhatia, A.B. and Wolf, E.},
  booktitle={Proc. Cambridge Philos. Soc},
  volume={50},
  number={1},
  pages={40--48},
  year={1954},
  organization={Cambridge Univ Press}
}

@InBook{zernikeMatlabPag,
ALTauthor = {Jason Daniel Schmidt},
title = {Numerical Simulation of Optical Wave Propagation with Examples in MATLAB},
chapter = {5},
publisher = {Society of Photo-Optical Instrumentation Engineers (SPIE)},
year = {2010},
OPTaddress = {P.O.Box 10 Bellingham Washington 98227-00100 US},
OPTpages = {65-75}
}

@InBook{lectureNotes,
ALTauthor = {Michel Verhaegen},
title = {Control for High Resolution Imaging},
chapter = {2},
publisher = {Delft University of Technology},
year = {2014},
OPTaddress = {DCSC Mekelweg 2 2628 CD Delft, The Netherlands},
OPTpages = {65-75}
}

@Book{zernikeMatlab,
ALTauthor = {Jason Daniel Schmidt},
title = {Numerical Simulation of Optical Wave Propagation with Examples in MATLAB},
publisher = {Society of Photo-Optical Instrumentation Engineers (SPIE)},
year = {2010},
OPTaddress = {P.O.Box 10 Bellingham Washington 98227-00100 USA}
}


@InBook{lay,
ALTauthor = {David C. Lay},
title = {Linear Algebra And It's Applications},
publisher = {Pearson Education Inc.},
year = {2003}
OPTpages = {402-404}
}

@article{edlen1966,
  title={The refractive index of air},
  author={Edl{\'e}n, Bengt},
  journal={Metrologia},
  volume={2},
  number={2},
  pages={71},
  year={1966},
  publisher={IOP Publishing}
}

@inproceedings{kolmogorov1941local,
  title={The local structure of turbulence in incompressible viscous fluid for very large Reynolds numbers},
  author={Kolmogorov, Andrey Nikolaevich},
  booktitle={Dokl. Akad. Nauk SSSR},
  volume={30},
  number={4},
  pages={299--303},
  year={1941}
}

@article{tubbs2003lucky,
  title={Lucky exposures: Diffraction limited astronomical imaging through the atmosphere},
  author={Tubbs, Robert N},
  journal={arXiv preprint astro-ph/0311481},
  year={2003}
}

@inBook{sasiela2007electromagnetic,
  title={Electromagnetic wave propagation in turbulence: evaluation and application of Mellin transforms},
  author={Sasiela, Richard J},
  year={2007},
  organization={SPIE}
}

@article{lane1992simulation,
  title={Simulation of a Kolmogorov phase screen},
  author={Lane, RG and Glindemann, A and Dainty, JC and others},
  journal={Waves in random media},
  volume={2},
  number={3},
  pages={209--224},
  year={1992},
  publisher={Taylor \& Francis}
}